@article{rust,
  author    = {Ralf Jung and
               Jacques{-}Henri Jourdan and
               Robbert Krebbers and
               Derek Dreyer},
  title     = {Safe systems programming in Rust},
  journal   = {Commun. {ACM}},
  volume    = {64},
  number    = {4},
  pages     = {144--152},
  year      = {2021}
}
@article{aws,
  author    = {Nathan Chong and
               Byron Cook and
               Jonathan Eidelman and
               Konstantinos Kallas and
               Kareem Khazem and
               Felipe R. Monteiro and
               Daniel Schwartz{-}Narbonne and
               Serdar Tasiran and
               Michael Tautschnig and
               Mark R. Tuttle},
  title     = {Code-level model checking in the software development workflow at
               Amazon Web Services},
  journal   = {Softw. Pract. Exp.},
  volume    = {51},
  number    = {4},
  pages     = {772--797},
  year      = {2021}
}
@inproceedings{smt,
  author    = {Cesare Tinelli},
  title     = {Foundations of Satisfiability Modulo Theories},
  booktitle = {WoLLIC},
  series    = {Lecture Notes in Computer Science},
  volume    = {6188},
  pages     = {58},
  publisher = {Springer},
  year      = {2010}
}
@inproceedings{lustre,
  author    = {Paul Caspi and
               Daniel Pilaud and
               Nicolas Halbwachs and
               John Plaice},
  title     = {Lustre: {A} Declarative Language for Programming Synchronous Systems},
  booktitle = {{POPL}},
  pages     = {178--188},
  publisher = {{ACM} Press},
  year      = {1987}
}
@inproceedings{cocospec,
  author    = {Adrien Champion and
               Arie Gurfinkel and
               Temesghen Kahsai and
               Cesare Tinelli},
  title     = {CoCoSpec: {A} Mode-Aware Contract Language for Reactive Systems},
  booktitle = {{SEFM}},
  series    = {Lecture Notes in Computer Science},
  volume    = {9763},
  pages     = {347--366},
  publisher = {Springer},
  year      = {2016}
}
@InProceedings{smtlib,
  author =	 {Clark Barrett and Aaron Stump and Cesare Tinelli},
  title =	 {{The SMT-LIB Standard: Version 2.0}},
  year =	 2010,
  booktitle =	 {Proceedings of the 8th International Workshop on
                  Satisfiability Modulo Theories (Edinburgh, UK)},
  editor =	 {A.~Gupta and D.~Kroening},
}
@inproceedings{z3,
  author    = {Leonardo Mendon{\c{c}}a de Moura and
               Nikolaj Bj{\o}rner},
  title     = {{Z3:} An Efficient {SMT} Solver},
  booktitle = {{TACAS}},
  series    = {Lecture Notes in Computer Science},
  volume    = {4963},
  pages     = {337--340},
  publisher = {Springer},
  year      = {2008}
}
@inproceedings{kind2,
  author    = {Adrien Champion and
               Alain Mebsout and
               Christoph Sticksel and
               Cesare Tinelli},
  title     = {The Kind 2 Model Checker},
  booktitle = {{CAV} {(2)}},
  series    = {Lecture Notes in Computer Science},
  volume    = {9780},
  pages     = {510--517},
  publisher = {Springer},
  year      = {2016}
}
